<?xml version="1.0" encoding="UTF-8"?><record xmlns="http://www.loc.gov/MARC21/slim" xmlns:cinclude="http://apache.org/cocoon/include/1.0" xmlns:zs="http://www.loc.gov/zing/srw/">
  <leader>00430nz  a2200121n  4500</leader>
  <controlfield tag="001">n  96023330 </controlfield>
  <controlfield tag="003">DLC</controlfield>
  <controlfield tag="005">19960312095002.9</controlfield>
  <controlfield tag="008">960312n| acannaab|          |n aaa |||  </controlfield>
  <datafield tag="010" ind1=" " ind2=" ">
    <subfield code="a">n  96023330 </subfield>
  </datafield>
  <datafield tag="040" ind1=" " ind2=" ">
    <subfield code="a">DLC</subfield>
    <subfield code="c">DLC</subfield>
  </datafield>
  <datafield tag="100" ind1="1" ind2="0">
    <subfield code="a">Panas, John</subfield>
  </datafield>
  <datafield tag="670" ind1=" " ind2=" ">
    <subfield code="a">Aircraft mishap photography, 1996:</subfield>
    <subfield code="b">CIP t.p. (John Panas, Jr.,MAM, BPA) copr. page (Bachelor of Prof. Aeronautics, Master of Aviation Management from Embry-Riddle Aeronautical Univ.)</subfield>
  </datafield>
</record>